[gd_scene load_steps=9 format=2]

[ext_resource path="res://assets/Amaranth-Regular.otf" type="DynamicFontData" id=1]
[ext_resource path="res://src/GUI/HighscoreEntryLabel.tscn" type="PackedScene" id=2]
[ext_resource path="res://assets/LocoLogo.png" type="Texture" id=3]
[ext_resource path="res://src/GUI/QuitButton.tscn" type="PackedScene" id=4]
[ext_resource path="res://src/GUI/NewGameButton.tscn" type="PackedScene" id=5]
[ext_resource path="res://src/GUI/TitleScreen.gd" type="Script" id=6]
[ext_resource path="res://assets/bg2.png" type="Texture" id=7]

[sub_resource type="DynamicFont" id=1]
size = 22
font_data = ExtResource( 1 )

[node name="TitleScreen" type="Control"]
anchor_right = 1.0
anchor_bottom = 1.0
script = ExtResource( 6 )
__meta__ = {
"_edit_use_anchors_": false
}
HighscoreEntryLabelScene = ExtResource( 2 )

[node name="bg" type="Sprite" parent="."]
texture = ExtResource( 7 )
offset = Vector2( 800, 450 )
__meta__ = {
"_edit_lock_": true
}

[node name="Menu" type="VBoxContainer" parent="."]
margin_left = 120.0
margin_top = 80.0
margin_right = 1480.0
margin_bottom = 820.0
__meta__ = {
"_edit_use_anchors_": false
}

[node name="TextureRect" type="TextureRect" parent="Menu"]
margin_right = 1360.0
margin_bottom = 41.0
texture = ExtResource( 3 )
stretch_mode = 4

[node name="Center" type="HBoxContainer" parent="Menu"]
margin_top = 45.0
margin_right = 1360.0
margin_bottom = 390.0
size_flags_vertical = 3

[node name="Buttons" type="VBoxContainer" parent="Menu/Center"]
margin_right = 1360.0
margin_bottom = 345.0
size_flags_horizontal = 3
size_flags_vertical = 3
alignment = 1

[node name="NewGameButton" parent="Menu/Center/Buttons" instance=ExtResource( 5 )]
margin_top = 130.0
margin_bottom = 170.0
target_scene = "res://src/map1.tscn"

[node name="QuitButton" parent="Menu/Center/Buttons" instance=ExtResource( 4 )]
margin_top = 174.0
margin_bottom = 214.0

[node name="Instructions" type="Label" parent="Menu"]
margin_top = 394.0
margin_right = 1360.0
margin_bottom = 740.0
size_flags_vertical = 7
custom_fonts/font = SubResource( 1 )
text = "The time frogs need to pass the street, but they wouldn't be time frogs if they did it in the normal way.
Instead of dodging the cars, they manipulate the time for their surroundings to make the cars dodge them.

Move the slider at the bottom to manipulate the time for everything but the frogs."
align = 1

[node name="Highscores" type="VBoxContainer" parent="."]
anchor_left = 0.85
anchor_right = 1.0
anchor_bottom = 1.0
__meta__ = {
"_edit_use_anchors_": false
}
